@book{book:2008,
   title =     {Graph theory},
   author =    {Adrian Bondy, U.S.R. Murty},
   publisher = {Springer},
   isbn =      {1846289696; 9781846289699},
   year =      {2008},
   series =    {Graduate texts in mathematics 244},
   edition =   {3rd Corrected Printing.},
   }

@article{article:bollobas,
author = {Bollobas, Bela and Szemer√©di, Endre},
year = {2002},
month = {01},
pages = {194 - 200},
title = {Girth of Sparse Graphs},
volume = {39},
journal = {Journal of Graph Theory},
doi = {10.1002/jgt.10023}
}

@book{book:Gary,
   title =     {A First Course in Graph Theory},
   author =    {Gary Chartrand, Ping Zhang},
   publisher = {Dover Publications},
   isbn =      {0486483681; 9780486483689},
   year =      {2012},
   series =    {Dover Books on Mathematics},
   url =       {libgen.li/file.php?md5=79d969573e33d717d2395e2b7c6d28eb}}